@string{sissc = "{SIAM} J. Sci. Stat. Comput."}
@string{sinum = "{SIAM} J. Numer. Anal."}
@string{siopt = "{SIAM} J. Opt."}
@string{simax = "{SIAM} J. Mat. Anal."}
@string{toms = "ACM Transactions on Mathematical Software"}
@string{snl = "Sandia National Laboratories"}
@string{nlaa = "Numer. Linear Algebra Appl."}
       
@article{ITD,
  author    = {Carl Boettiger},
  title     = {An introduction to Docker for reproducible research, with examples
               from the {R} environment},
  journal   = {CoRR},
  volume    = {abs/1410.0846},
  year      = {2014},
  url       = {http://arxiv.org/abs/1410.0846},
  archivePrefix = {arXiv},
  eprint    = {1410.0846},
  timestamp = {Mon, 13 Aug 2018 16:47:09 +0200},
  biburl    = {https://dblp.org/rec/journals/corr/Boettiger14.bib},
  bibsource = {dblp computer science bibliography, https://dblp.org}
}

@article{CMC,
  author    = {Grigori Fursin},
  title     = {Collective Mind: cleaning up the research and experimentation mess
               in computer engineering using crowdsourcing, big data and machine
               learning},
  journal   = {CoRR},
  volume    = {abs/1308.2410},
  year      = {2013},
  url       = {http://arxiv.org/abs/1308.2410},
  archivePrefix = {arXiv},
  eprint    = {1308.2410},
  timestamp = {Mon, 13 Aug 2018 16:48:58 +0200},
  biburl    = {https://dblp.org/rec/journals/corr/Fursin13.bib},
  bibsource = {dblp computer science bibliography, https://dblp.org}
}

@article{TPC,
  author    = {Ivo  Jimenez , Michael Sevilla , Noah Watkins , Carlos Maltzahn , Jay Lofstead , Kathryn Mohror , Andrea Arpaci-Dusseau, Remzi Apraci-Dusseau},
  title     = {The Popper Convention: Making Reproducible Systems Evaluation Practical},
  year      = {2017}
}

@article{TESP,
  author    = {R. Strijkers},
  author    = {R. Cushing},
  author    = {D. Vasyunin},
  author    = {C. de Laat},
  author    = {A.S.Z. Belloum},
  author    = {R. Meijer},
  title     = {Toward Executable Scientiﬁc Publications},
  journal   = {Procedia Computer Science},
  volume    = {4},
  year      = {2011}
}

@article{popperWeb, title={Popper}, url={https://falsifiable.us/}, journal={Popper – Practical Falsifiable Research}, author={Popper}}

@article{PopperCI,
  author    = {I. Jimenez},
  title     = {PopperCI: automated reproducibility validation},
  journal   = {IEEE INFOCOM International Workshop on Computer and Networking Experimental Research Using Testbeds},
  location  = {Atlanta, USA},
  year      = {2017}
}

@inproceedings{PopperPit,
	doi = {10.1145/3214239.3214243},
	url = {https://doi.org/10.1145%2F3214239.3214243},
	year = 2018,
	publisher = {{ACM} Press},
	author = {Michael A. Sevilla and Carlos Maltzahn},
	title = {Popper Pitfalls},
	booktitle = {Proceedings of the First International Workshop on Practical Reproducible Evaluation of Computer Systems - P-{RECS}{\textquotesingle}18}
}
@article{DPCK,
  author    = {Grigori Fursin},
  url = {https://github.com/ctuning/ck/wiki/First-steps},
  title     = {Demonstrating portable and customizable CK benchmarking workflows},
  year      = {2019}
}

@article{aboutCK,
  author    = {Michel Steuwer},
  url = {https://github.com/michel-steuwer/About-CK},
  title     = {CK: Collective Knowledge},
  year      = {2017}
}

@article{ctuning/ck,
  author    = {Grigori Fursin},
  url = {https://github.com/ctuning/ck},
  title     = {Collective Knowledge Framework (CK)},
  year      = {2017}
}

@article{ctuningPW,
  author    = {Grigori Fursin},
  url = {https://github.com/ctuning/ck/wiki/Portable-workflows},
  title     = {Portable workflows},
  year      = {2019}
}

@article{ctuning/feat,
  author    = {Grigori Fursin},
  url = {https://github.com/ctuning/ck/wiki/Features},
  title     = {CK Features},
  year      = {2018}
}

@article{WICR,
  author    = {Grigori Fursin},
  url = {https://CodeReef.ai/static/docs},
  title     = {Introduction: What is CodeReef},
  year      = {2020}
}

@INPROCEEDINGS{CKTS, author={G. {Fursin} and A. {Lokhmotov} and E. {Plowman}}, booktitle={2016 Design, Automation Test in Europe Conference Exhibition (DATE)}, title={Collective Knowledge: Towards R D sustainability}, year={2016}, volume={}, number={}, pages={864-869},}

@misc{CROP,
    title={CodeReef: an open platform for portable MLOps, reusable automation actions and reproducible benchmarking},
    author={Grigori Fursin and Herve Guillou and Nicolas Essayan},
    year={2020},
    eprint={2001.07935},
    archivePrefix={arXiv},
    primaryClass={cs.LG}
}
@misc{ACM_2018, title={Artifact Review and Badging}, url={https://www.acm.org/publications/policies/artifact-review-badging}, journal={Association for Computing Machinery}, year={2018}, month={Apr}}


@misc{dockerDoc, title={Docker Glossary}, url={https://docs.docker.com/glossary/}, journal={Docker Documentation}, year={2020}, month={May}}
@inproceedings{pytex,
  title={Reproducible Documents with PythonTeX},
  author={Geoffrey M. Poore},
  year={2013}
}
